@Article{Piqueux2009,
  author     = {S. Piqueux and P. R. Christensen},
  journal    = {Journal of Geophysical Research},
  title      = {A model of thermal conductivity for planetary soils: 1. Theory for unconsolidated soils},
  year       = {2009},
  month      = {sep},
  number     = {E9},
  volume     = {114},
  doi        = {10.1029/2008je003308},
  file       = {:publis/Piqueux_modelthermalconductivity_JoGR2009.pdf:PDF},
  groups     = {Heat},
  publisher  = {American Geophysical Union ({AGU})},
  readstatus = {read},
}

@Article{Piqueux2009a,
  author     = {S. Piqueux and P. R. Christensen},
  journal    = {Journal of Geophysical Research},
  title      = {A model of thermal conductivity for planetary soils: 2. Theory for cemented soils},
  year       = {2009},
  month      = {sep},
  number     = {E9},
  volume     = {114},
  doi        = {10.1029/2008je003309},
  file       = {:publis/Piqueux_modelthermalconductivity_JoGR2009b.pdf:PDF},
  groups     = {Heat},
  publisher  = {American Geophysical Union ({AGU})},
  readstatus = {skimmed},
}

@Article{Schorghofer2010,
  author    = {Norbert Schorghofer},
  journal   = {Icarus},
  title     = {Fast numerical method for growth and retreat of subsurface ice on Mars},
  year      = {2010},
  month     = {aug},
  number    = {2},
  pages     = {598--607},
  volume    = {208},
  doi       = {10.1016/j.icarus.2010.03.022},
  file      = {:unread/Schorghofer_FastGroundIceModel_Icarus2010.pdf:PDF},
  groups    = {Heat},
  publisher = {Elsevier {BV}},
}

@Article{Eluszkiewicz2003,
  author    = {Janusz Eluszkiewicz and Jean-Luc Moncet},
  journal   = {Icarus},
  title     = {A coupled microphysical/radiative transfer model of albedo and emissivity of planetary surfaces covered by volatile ices},
  year      = {2003},
  month     = {dec},
  number    = {2},
  pages     = {375--384},
  volume    = {166},
  comment   = {Radiative transfer into a porous ice slab},
  doi       = {10.1016/j.icarus.2003.08.013},
  file      = {:unread/Eluszkiewicz_MicrophysicsRadiativeIces_Icarus2003.pdf:PDF},
  groups    = {Cristallisation},
  publisher = {Elsevier {BV}},
}

@Article{Kieffer2013,
  author    = {Hugh H. Kieffer},
  journal   = {Journal of Geophysical Research: Planets},
  title     = {Thermal model for analysis of Mars infrared mapping},
  year      = {2013},
  month     = {mar},
  number    = {3},
  pages     = {451--470},
  volume    = {118},
  doi       = {10.1029/2012je004164},
  file      = {:publis/Kieffer_Thermalmodelanalysis_JoGRP2013.pdf:PDF},
  groups    = {Heat},
  publisher = {American Geophysical Union ({AGU})},
}

@Article{Pilorget2011,
  author    = {C. Pilorget and F. Forget and E. Millour and M. Vincendon and J.B. Madeleine},
  title     = {Dark spots and cold jets in the polar regions of Mars: New clues from a thermal model of surface {CO}2 ice},
  year      = {2011},
  month     = {may},
  number    = {1},
  pages     = {131--149},
  volume    = {213},
  doi       = {10.1016/j.icarus.2011.01.031},
  file      = {:Pilorget_Darkspotscold_2011 - Dark Spots and Cold Jets in the Polar Regions of Mars_ New Clues from a Thermal Model of Surface CO2 Ice.pdf:PDF},
  groups    = {Heat, Cristallisation},
  publisher = {Elsevier {BV}},
}

@Article{Molaro2019,
  author    = {J. L. Molaro and M. Choukroun and C. B. Phillips and E. S. Phelps and R. Hodyss and K. L. Mitchell and J. M. Lora and G. Meirion-Griffith},
  journal   = {Journal of Geophysical Research: Planets},
  title     = {The Microstructural Evolution of Water Ice in the Solar System Through Sintering},
  year      = {2019},
  month     = {feb},
  number    = {2},
  pages     = {243--277},
  volume    = {124},
  comment   = {Publis très exhaustive sur le métamorphisme},
  doi       = {10.1029/2018je005773},
  file      = {:/home/cyril/Documents/Work/PhD/Biblio/publis/Molaro_MicrostructuralEvolutionWater_JoGRP2019.pdf:PDF},
  groups    = {Metamorphism},
  publisher = {American Geophysical Union ({AGU})},
}

@Article{Blackford2007,
  author    = {Jane R Blackford},
  journal   = {Journal of Physics D: Applied Physics},
  title     = {Sintering and microstructure of ice: a review},
  year      = {2007},
  month     = {oct},
  number    = {21},
  pages     = {R355--R385},
  volume    = {40},
  comment   = {Review of Sintering},
  doi       = {10.1088/0022-3727/40/21/r02},
  file      = {:publis/Blackford_Sinteringmicrostructureice_JoPDAP2007.pdf:PDF},
  groups    = {Metamorphism},
  publisher = {{IOP} Publishing},
}

@Article{Spencer1989,
  author    = {John R Spencer and Larry A Lebofsky and Mark V Sykes},
  journal   = {Icarus},
  title     = {Systematic biases in radiometric diameter determinations},
  year      = {1989},
  month     = {apr},
  number    = {2},
  pages     = {337--354},
  volume    = {78},
  comment   = {First Spencer model},
  doi       = {10.1016/0019-1035(89)90182-6},
  file      = {:publis/Spencer_1989pdf:PDF;:Spencer_Systematicbiasesradiometric_I1989 - Systematic Biases in Radiometric Diameter Determinations.pdf:PDF},
  groups    = {Heat},
  publisher = {Elsevier {BV}},
}

@MastersThesis{Dorizon2021,
  author = {Quentin Dorizon},
  title  = {Master thesis},
  year   = {2021},
  file   = {:/home/cyril/Documents/Work/PhD/Biblio/publis/Master_Dorizon_Quentin.pdf:PDF},
  groups = {Heat},
}

@Article{Spencer1990,
  author    = {John R. Spencer},
  journal   = {Icarus},
  title     = {A rough-surface thermophysical model for airless planets},
  year      = {1990},
  month     = {jan},
  number    = {1},
  pages     = {27--38},
  volume    = {83},
  comment   = {Spencer thermal model 2},
  doi       = {10.1016/0019-1035(90)90004-s},
  file      = {:publis/Spencer_1990.pdf:PDF},
  groups    = {Heat},
  publisher = {Elsevier {BV}},
}

@Manual{Hancock2006,
  title  = {C:/mydocs/Teaching/18303/lectures/HeatEqnI.dvi},
  author = {Matthew J. Hancock},
  year   = {2006},
  file   = {:/home/cyril/Documents/Work/PhD/Biblio/publis/1D_heat_equation.pdf:PDF},
  groups = {Heat},
}

@Article{Silva2018,
  author    = {D.J. Silva and J.S. Amaral and V.S. Amaral},
  journal   = {{SoftwareX}},
  title     = {Heatrapy: A flexible Python framework for computing dynamic heat transfer processes involving caloric effects in 1.5D systems},
  year      = {2018},
  month     = {jan},
  pages     = {373--382},
  volume    = {7},
  comment   = {A python library for 2D heat equation that I was inspired for their implementation of phase change (Appendix).},
  doi       = {10.1016/j.softx.2018.09.007},
  file      = {:publis/heatrapy.pdf:PDF},
  groups    = {Heat},
  publisher = {Elsevier {BV}},
}

@Book{Carslaw1959,
  author    = {Carslaw and Jaeger},
  publisher = {Oxford University Press},
  title     = {Conduction of Heat in Solids},
  year      = {1959},
  file      = {:publis/Conductionofheatinsolids.djvu:Djvu},
  groups    = {Heat},
}

@Article{Tuzet2017,
  author    = {Francois Tuzet and Marie Dumont and Matthieu Lafaysse and Ghislain Picard and Laurent Arnaud and Didier Voisin and Yves Lejeune and Luc Charrois and Pierre Nabat and Samuel Morin},
  journal   = {The Cryosphere},
  title     = {A multilayer physically based snowpack model simulating direct and indirect radiative impacts of light-absorbing impurities in snow},
  year      = {2017},
  month     = {nov},
  number    = {6},
  pages     = {2633--2653},
  volume    = {11},
  comment   = {Snowpack},
  doi       = {10.5194/tc-11-2633-2017},
  file      = {:publis/Tuzet_multilayerphysicallybased_TC2017.pdf:PDF},
  groups    = {Ices},
  publisher = {Copernicus {GmbH}},
}

@Misc{Schmidt_Resolutionparla_,
  author = {Claude Saint-Blanquet},
  title  = {Résolution par la méthode de la fonction de Green},
  file   = {:/home/cyril/Documents/Work/PhD/Biblio/read/Résolution par la méthode de la fonction de Green.pdf:PDF},
  groups = {Heat},
}

@Article{Carnahan2021,
  author    = {Evan Carnahan and Natalie S. Wolfenbarger and Jacob S. Jordan and Marc A. Hesse},
  journal   = {Earth and Planetary Science Letters},
  title     = {New insights into temperature-dependent ice properties and their effect on ice shell convection for icy ocean worlds},
  year      = {2021},
  month     = {jun},
  pages     = {116886},
  volume    = {563},
  comment   = {Study of convection in Europa ice shell by taking into acount temp dependant properties

Density does not vary much over temperature in the ice shell, conductivity a lil bit more,
but Cp a lot (from 200 to 2000 SI) !},
  doi       = {10.1016/j.epsl.2021.116886},
  file      = {:read/Carnahan_Newinsightstemperature_EaPSL2021.pdf:PDF},
  groups    = {Ices},
  publisher = {Elsevier {BV}},
}

@PhdThesis{Eluszkiewicz1993,
  author = {Eluszkiewicz},
  title  = {Thesis},
  year   = {1993},
  file   = {:unread/ice/Eluszkiewicz_thesis1993.pdf:PDF},
  groups = {Metamorphism},
}

@Article{Eluszkiewicz1991,
  author   = {Eluszkiewicz},
  title    = {On the microphysical state of the surface of Triton},
  year     = {1991},
  abstract = {Journal of Geophysical Research: Space Physics 1991.96:19217-19229},
  comment  = {Paper to cite from thesis},
  file     = {:/home/cyril/Documents/Work/PhD/Biblio/read/Eluszkiewicz_microphysicalstatesurface_JoGR1991.pdf:PDF},
  groups   = {Metamorphism},
}

@Article{Eluszkiewicz2005,
  author    = {Janusz Eluszkiewicz and Jean-Luc Moncet and Timothy N. Titus and Gary B. Hansen},
  journal   = {Icarus},
  title     = {A microphysically-based approach to modeling emissivity and albedo of the martian seasonal caps},
  year      = {2005},
  month     = {apr},
  number    = {2},
  pages     = {524--534},
  volume    = {174},
  doi       = {10.1016/j.icarus.2004.05.025},
  file      = {:read/Eluszkiewicz2005.pdf:PDF},
  groups    = {Metamorphism, Cristallisation},
  publisher = {Elsevier {BV}},
}

@Article{Eluszkiewicz1993a,
  author    = {Janusz Eluszkiewicz},
  journal   = {Icarus},
  title     = {On the Microphysical State of the Martian Seasonal Caps},
  year      = {1993},
  month     = {may},
  number    = {1},
  pages     = {43--48},
  volume    = {103},
  comment   = {See bib_summary},
  doi       = {10.1006/icar.1993.1056},
  file      = {:read/Eluszkiewicz_PhysicalStatePolarCaps1993.pdf:PDF},
  groups    = {Metamorphism, Cristallisation},
  publisher = {Elsevier {BV}},
}

@Article{Kieffer2000,
  author    = {Hugh H. Kieffer and Timothy N. Titus and Kevin F. Mullins and Philip R. Christensen},
  journal   = {Journal of Geophysical Research: Planets},
  title     = {Mars south polar spring and summer behavior observed by {TES}: Seasonal cap evolution controlled by frost grain size},
  year      = {2000},
  month     = {apr},
  number    = {E4},
  pages     = {9653--9699},
  volume    = {105},
  comment   = {see bib sum},
  doi       = {10.1029/1999je001136},
  file      = {:read/Kieffer_SouthRecessionTes_JGR2000.pdf:PDF},
  groups    = {Ices},
  publisher = {American Geophysical Union ({AGU})},
}

@Article{Miller2003,
  author    = {D.A. Miller and E.E. Adams and R.L. Brown},
  journal   = {Cold Regions Science and Technology},
  title     = {A microstructural approach to predict dry snow metamorphism in generalized thermal conditions},
  year      = {2003},
  month     = {nov},
  number    = {3},
  pages     = {213--226},
  volume    = {37},
  doi       = {10.1016/j.coldregions.2003.07.001},
  file      = {:read/Miller2003_NumericMeta.pdf:PDF},
  groups    = {Metamorphism},
  publisher = {Elsevier {BV}},
}

@Article{Herwijnen2013,
  author    = {Alec Van Herwijnen and Daniel A. Miller},
  journal   = {Journal of Glaciology},
  title     = {Experimental and numerical investigation of the sintering rate of snow},
  year      = {2013},
  number    = {214},
  pages     = {269--274},
  volume    = {59},
  doi       = {10.3189/2013jog12j094},
  file      = {:read/experimental-and-numerical-investigation-of-the-sintering-rate-of-snow.pdf:PDF},
  groups    = {Metamorphism},
  publisher = {International Glaciological Society},
}

@Article{Miller2009,
  author    = {D.A. Miller and E.E. Adams},
  journal   = {Journal of Glaciology},
  title     = {A microstructural dry-snow metamorphism model for kinetic crystal growth},
  year      = {2009},
  number    = {194},
  pages     = {1003--1011},
  volume    = {55},
  doi       = {10.3189/002214309790794832},
  file      = {:/home/cmergny/PhD/ice-simulations/Biblio/fast-read/ice/meta/Miller2009.pdf:PDF},
  groups    = {Metamorphism},
  publisher = {International Glaciological Society},
}

@Article{Flanner2006,
  author    = {Mark G. Flanner and Charles S. Zender},
  journal   = {Journal of Geophysical Research},
  title     = {Linking snowpack microphysics and albedo evolution},
  year      = {2006},
  number    = {D12},
  volume    = {111},
  doi       = {10.1029/2005jd006834},
  file      = {:read/Flanner2006.pdf:PDF},
  groups    = {Metamorphism},
  publisher = {American Geophysical Union ({AGU})},
}

@Article{Bartelt2002,
  author    = {Perry Bartelt and Michael Lehning},
  journal   = {Cold Regions Science and Technology},
  title     = {A physical {SNOWPACK} model for the Swiss avalanche warning},
  year      = {2002},
  month     = {nov},
  number    = {3},
  pages     = {123--145},
  volume    = {35},
  doi       = {10.1016/s0165-232x(02)00074-5},
  file      = {:read/snowpackI.pdf:PDF},
  groups    = {Metamorphism, Ices},
  publisher = {Elsevier {BV}},
}

@Article{Lehning2002,
  author    = {Michael Lehning and Perry Bartelt and Bob Brown and Charles Fierz and Pramod Satyawali},
  journal   = {Cold Regions Science and Technology},
  title     = {A physical {SNOWPACK} model for the Swiss avalanche warning},
  year      = {2002},
  month     = {nov},
  number    = {3},
  pages     = {147--167},
  volume    = {35},
  doi       = {10.1016/s0165-232x(02)00073-3},
  file      = {:read/snowpackII.pdf:PDF},
  groups    = {Metamorphism, Ices},
  publisher = {Elsevier {BV}},
}

@Article{Lehning2002a,
  author    = {Michael Lehning and Perry Bartelt and Bob Brown and Charles Fierz},
  journal   = {Cold Regions Science and Technology},
  title     = {A physical {SNOWPACK} model for the Swiss avalanche warning},
  year      = {2002},
  month     = {nov},
  number    = {3},
  pages     = {169--184},
  volume    = {35},
  doi       = {10.1016/s0165-232x(02)00072-1},
  file      = {:read/snowpackIII.pdf:PDF},
  groups    = {Metamorphism, Ices},
  publisher = {Elsevier {BV}},
}

@Article{Sauter2020,
  author    = {Tobias Sauter and Anselm Arndt and Christoph Schneider},
  journal   = {Geoscientific Model Development},
  title     = {{COSIPY} v1.3 {\textendash} an open-source coupled snowpack and ice surface energy and mass balance model},
  year      = {2020},
  month     = {nov},
  number    = {11},
  pages     = {5645--5662},
  volume    = {13},
  doi       = {10.5194/gmd-13-5645-2020},
  file      = {:read/cosipy2020.pdf:PDF},
  groups    = {Metamorphism, Ices},
  publisher = {Copernicus {GmbH}},
}

@Article{Vionnet2012,
  author    = {V. Vionnet and E. Brun and S. Morin and A. Boone and S. Faroux and P. Le Moigne and E. Martin and J.-M. Willemet},
  journal   = {Geoscientific Model Development},
  title     = {The detailed snowpack scheme Crocus and its implementation in {SURFEX} v7.2},
  year      = {2012},
  month     = {may},
  number    = {3},
  pages     = {773--791},
  volume    = {5},
  doi       = {10.5194/gmd-5-773-2012},
  file      = {:read/crocus.pdf:PDF},
  groups    = {Metamorphism},
  publisher = {Copernicus {GmbH}},
}

@Article{Baunach2001,
  author    = {Thorsten Baunach and Charles Fierz and Pramod K. Satyawali and Martin Schneebeli},
  journal   = {Annals of Glaciology},
  title     = {A model for kinetic grain growth},
  year      = {2001},
  pages     = {1--6},
  volume    = {32},
  doi       = {10.3189/172756401781819427},
  file      = {:/home/cmergny/PhD/ice-simulations/biblio/read/Baunach_2001.pdf:PDF},
  groups    = {Metamorphism},
  publisher = {International Glaciological Society},
}

@Article{Domine2008,
  author    = {F. Domine and M. Albert and T. Huthwelker and H.-W. Jacobi and A. A. Kokhanovsky and M. Lehning and G. Picard and W. R. Simpson},
  journal   = {Atmospheric Chemistry and Physics},
  title     = {Snow physics as relevant to snow photochemistry},
  year      = {2008},
  month     = {jan},
  number    = {2},
  pages     = {171--208},
  volume    = {8},
  doi       = {10.5194/acp-8-171-2008},
  file      = {:fast-read/ice/meta/Domine_2008.pdf:PDF},
  groups    = {Metamorphism},
  publisher = {Copernicus {GmbH}},
}

@Article{Gundlach2011,
  author    = {B. Gundlach and Yu.V. Skorov and J. Blum},
  journal   = {Icarus},
  title     = {Outgassing of icy bodies in the Solar System {\textendash} I. The sublimation of hexagonal water ice through dust layers},
  year      = {2011},
  month     = {jun},
  number    = {2},
  pages     = {710--719},
  volume    = {213},
  doi       = {10.1016/j.icarus.2011.03.022},
  file      = {:read/Gundlach2011a.pdf:PDF},
  groups    = {Metamorphism},
  publisher = {Elsevier {BV}},
}

@Article{Gundlach2018,
  author    = {B Gundlach and J Ratte and J Blum and J Oesert and S N Gorb},
  journal   = {Monthly Notices of the Royal Astronomical Society},
  title     = {Sintering and sublimation of micrometre-sized water-ice particles: the formation of surface crusts on icy Solar System bodies},
  year      = {2018},
  month     = {jul},
  number    = {4},
  pages     = {5272--5287},
  volume    = {479},
  doi       = {10.1093/mnras/sty1839},
  file      = {:read/Gundlach2018.pdf:PDF},
  groups    = {Metamorphism},
  publisher = {Oxford University Press ({OUP})},
}

@Article{Gundlach2012,
  author    = {Bastian Gundlach and Jürgen Blum},
  journal   = {Icarus},
  title     = {Outgassing of icy bodies in the Solar System {\textendash} {II}: Heat transport in dry, porous surface dust layers},
  year      = {2012},
  month     = {jun},
  number    = {2},
  pages     = {618--629},
  volume    = {219},
  doi       = {10.1016/j.icarus.2012.03.013},
  file      = {:read/Gundlach2011b.pdf:PDF},
  groups    = {Metamorphism},
  publisher = {Elsevier {BV}},
}

@Article{Kossacki1994,
  author    = {Konrad J. Kossacki and Norbert I. Köinle and Günter Kargl and Gerhard Steiner},
  journal   = {Planetary and Space Science},
  title     = {The influence of grain sintering on the thermoconductivity of porous ice},
  year      = {1994},
  month     = {may},
  number    = {5},
  pages     = {383--389},
  volume    = {42},
  doi       = {10.1016/0032-0633(94)90127-9},
  file      = {:read/Kossacki1994.pdf:PDF},
  groups    = {Metamorphism},
  publisher = {Elsevier {BV}},
}

@Article{Kossacki1999,
  author    = {Konrad J. Kossacki and Wojciech J. Markiewicz and Yuri Skorov and Norbert.I. Kömle},
  journal   = {Planetary and Space Science},
  title     = {Sublimation coefficient of water ice under simulated cometary-like conditions},
  year      = {1999},
  month     = {dec},
  number    = {12},
  pages     = {1521--1530},
  volume    = {47},
  doi       = {10.1016/s0032-0633(99)00037-9},
  groups    = {Metamorphism},
  publisher = {Elsevier {BV}},
}

@Article{Kossacki2015,
  author    = {Konrad J. Kossacki and T. Spohn and A. Hagermann and E. Kaufmann and E. Kührt},
  journal   = {Icarus},
  title     = {Comet 67P/Churyumov{\textendash}Gerasimenko: Hardening of the sub-surface layer},
  year      = {2015},
  month     = {nov},
  pages     = {464--474},
  volume    = {260},
  doi       = {10.1016/j.icarus.2015.07.024},
  groups    = {Metamorphism},
  publisher = {Elsevier {BV}},
}

@Article{Kingery1955,
  author    = {W. D. Kingery and M. Berg},
  journal   = {Journal of Applied Physics},
  title     = {Study of the Initial Stages of Sintering Solids by Viscous Flow, Evaporation-Condensation, and Self-Diffusion},
  year      = {1955},
  month     = {oct},
  number    = {10},
  pages     = {1205--1212},
  volume    = {26},
  doi       = {10.1063/1.1721874},
  groups    = {Metamorphism},
  publisher = {{AIP} Publishing},
}

@Article{Murphy2005,
  author    = {D. M. Murphy and T. Koop},
  journal   = {Quarterly Journal of the Royal Meteorological Society},
  title     = {Review of the vapour pressures of ice and supercooled water for atmospheric applications},
  year      = {2005},
  month     = {apr},
  number    = {608},
  pages     = {1539--1565},
  volume    = {131},
  doi       = {10.1256/qj.04.94},
  groups    = {Ices},
  publisher = {Wiley},
}

@Article{Andreas2007,
  author    = {Edgar L Andreas},
  journal   = {Icarus},
  title     = {New estimates for the sublimation rate for ice on the Moon},
  year      = {2007},
  month     = {jan},
  number    = {1},
  pages     = {24--30},
  volume    = {186},
  doi       = {10.1016/j.icarus.2006.08.024},
  groups    = {Ices},
  publisher = {Elsevier {BV}},
}

@Article{Swinkels1981,
  author    = {F.B. Swinkels and M.F. Ashby},
  journal   = {Acta Metallurgica},
  title     = {A second report on sintering diagrams},
  year      = {1981},
  month     = {feb},
  number    = {2},
  pages     = {259--281},
  volume    = {29},
  doi       = {10.1016/0001-6160(81)90154-1},
  groups    = {Metamorphism},
  publisher = {Elsevier {BV}},
}

@Article{Ashby1974,
  author    = {M.F Ashby},
  journal   = {Acta Metallurgica},
  title     = {A first report on sintering diagrams},
  year      = {1974},
  month     = {mar},
  number    = {3},
  pages     = {275--289},
  volume    = {22},
  doi       = {10.1016/0001-6160(74)90167-9},
  groups    = {Metamorphism},
  publisher = {Elsevier {BV}},
}

@Article{Rathbun2010,
  author    = {Julie A. Rathbun and Nathaniel J. Rodriguez and John R. Spencer},
  journal   = {Icarus},
  title     = {Galileo {PPR} observations of Europa: Hotspot detection limits and surface thermal properties},
  year      = {2010},
  month     = {dec},
  number    = {2},
  pages     = {763--769},
  volume    = {210},
  doi       = {10.1016/j.icarus.2010.07.017},
  groups    = {Heat},
  publisher = {Elsevier {BV}},
}

@Article{Sundqvist1970,
  author    = {H. Sundqvist and G. Veronis},
  journal   = {Tellus},
  title     = {A simple finite-difference grid with non-constant intervals},
  year      = {1970},
  month     = {feb},
  number    = {1},
  pages     = {26--31},
  volume    = {22},
  doi       = {10.1111/j.2153-3490.1970.tb01933.x},
  groups    = {Heat},
  publisher = {Stockholm University Press},
}

@Article{Hansen2004,
  author    = {Gary B. Hansen},
  journal   = {Journal of Geophysical Research},
  title     = {Amorphous and crystalline ice on the Galilean satellites: A balance between thermal and radiolytic processes},
  year      = {2004},
  number    = {E1},
  volume    = {109},
  doi       = {10.1029/2003je002149},
  groups    = {Cristallisation},
  publisher = {American Geophysical Union ({AGU})},
}

@InCollection{Mastrapa2012,
  author    = {Rachel M. E. Mastrapa and William M. Grundy and Murthy S. Gudipati},
  booktitle = {The Science of Solar System Ices},
  publisher = {Springer New York},
  title     = {Amorphous and Crystalline H2O-Ice},
  year      = {2012},
  month     = {apr},
  pages     = {371--408},
  comment   = {Gives the timescale of cristallisation with temperature.},
  doi       = {10.1007/978-1-4614-3076-6_11},
  groups    = {Cristallisation},
}

@Article{Mellon1993,
  author    = {Michael T. Mellon and Bruce M. Jakosky},
  journal   = {Journal of Geophysical Research: Planets},
  title     = {Geographic variations in the thermal and diffusive stability of ground ice on Mars},
  year      = {1993},
  month     = {feb},
  number    = {E2},
  pages     = {3345--3364},
  volume    = {98},
  comment   = {We applied a time-marching finite-difference solution to
equations(1) and (2) to obtain surface and subsurfacetempera-
tures for each 2 ø x 2 ø bin. The subsurface
was divided
into 20
horizontal layers. The first layer was 0.2 diurnal skin depths
thick, and each subsequent layer was 1.3 times thicker than
the layer above it down to about five annual skin depths.
Each layer was allowed to interact with its neighbors during
each 5-rain time step, as describedby equation (2), with equa-
tion (1) as a boundary condition at the surface.},
  doi       = {10.1029/92je02355},
  groups    = {Ices, Heat, Mars},
  publisher = {American Geophysical Union ({AGU})},
}

@Article{Mellon2004,
  author    = {Michael T. Mellon and William C. Feldman and Thomas H. Prettyman},
  journal   = {Icarus},
  title     = {The presence and stability of ground ice in the southern hemisphere of Mars},
  year      = {2004},
  month     = {jun},
  number    = {2},
  pages     = {324--340},
  volume    = {169},
  comment   = {Study underground ices on Mars.
Intersting to compare with our model to see the stability of ices for diff lat on mars.
Look how they did the phase changes.},
  doi       = {10.1016/j.icarus.2003.10.022},
  groups    = {Mars, Ices, Heat},
  publisher = {Elsevier {BV}},
}

@Article{Darwish2017,
  author    = {M. Darwish and L. Mangani and F. Moukalled},
  journal   = {Numerical Heat Transfer, Part B: Fundamentals},
  title     = {General fully implicit discretization of the diffusion term for the finite volume method},
  year      = {2017},
  month     = {jun},
  number    = {6},
  pages     = {506--532},
  volume    = {71},
  doi       = {10.1080/10407790.2017.1330060},
  groups    = {PaperHeat},
  publisher = {Informa {UK} Limited},
}

@Article{Oesterby2003,
  author    = {Ole {\O}sterby},
  journal   = {{BIT} Numerical Mathematics},
  title     = {Five Ways of Reducing the Crank{\textendash}Nicolson Oscillations},
  year      = {2003},
  month     = {dec},
  number    = {4},
  pages     = {811--822},
  volume    = {43},
  doi       = {10.1023/b:bitn.0000009942.00540.94},
  groups    = {Heat, PaperHeat},
  publisher = {Springer Science and Business Media {LLC}},
}

@Article{Crank1947,
  author    = {J. Crank and P. Nicolson},
  journal   = {Mathematical Proceedings of the Cambridge Philosophical Society},
  title     = {A practical method for numerical evaluation of solutions of partial differential equations of the heat-conduction type},
  year      = {1947},
  month     = {jan},
  number    = {1},
  pages     = {50--67},
  volume    = {43},
  doi       = {10.1017/s0305004100023197},
  groups    = {PaperHeat},
  publisher = {Cambridge University Press ({CUP})},
}

@Book{Langtangen2017,
  author    = {Hans Petter Langtangen and Svein Linge},
  publisher = {Springer International Publishing},
  title     = {Finite Difference Computing with {PDEs}},
  year      = {2017},
  doi       = {10.1007/978-3-319-55456-3},
  groups    = {PaperHeat},
}

@InCollection{Mazumder2016,
  author    = {Sandip Mazumder},
  booktitle = {Numerical Methods for Partial Differential Equations},
  publisher = {Elsevier},
  title     = {Treatment of the Time Derivative (Parabolic and Hyperbolic {PDEs})},
  year      = {2016},
  pages     = {219--275},
  doi       = {10.1016/b978-0-12-849894-1.00005-6},
  groups    = {PaperHeat},
}

@Article{Giles1995,
  author  = {Giles, M.},
  journal = {University of Oxford Research Archive},
  title   = {Stability Analysis of Numerical Interface Boundary Conditions for Parabolic Equations.},
  year    = {1995},
  groups  = {PaperHeat},
}

@Article{Beam1982,
  author    = {R.M Beam and R.F Warming and H.C Yee},
  journal   = {Journal of Computational Physics},
  title     = {Stability analysis of numerical boundary conditions and implicit difference approximations for hyperbolic equations},
  year      = {1982},
  month     = {nov},
  number    = {2},
  pages     = {200--222},
  volume    = {48},
  doi       = {10.1016/0021-9991(82)90047-x},
  groups    = {PaperHeat},
  publisher = {Elsevier {BV}},
}

@InCollection{Thomas1995,
  author    = {J. W. Thomas},
  booktitle = {Texts in Applied Mathematics},
  publisher = {Springer New York},
  title     = {Stability. In: Numerical Partial Differential Equations: Finite Difference Methods.},
  year      = {1995},
  pages     = {97--145},
  doi       = {10.1007/978-1-4899-7278-1_4},
  groups    = {PaperHeat},
}

@Article{Pearson1965,
  author    = {Carl E. Pearson},
  journal   = {Mathematics of Computation},
  title     = {Impulsive end condition for diffusion equation},
  year      = {1965},
  number    = {92},
  pages     = {570--576},
  volume    = {19},
  doi       = {10.1090/s0025-5718-1965-0193765-5},
  groups    = {PaperHeat},
  publisher = {American Mathematical Society ({AMS})},
}

@Article{Acton1996,
  author    = {Charles H. Acton},
  journal   = {Planetary and Space Science},
  title     = {Ancillary data services of {NASA}{\textquotesingle}s Navigation and Ancillary Information Facility},
  year      = {1996},
  month     = {jan},
  number    = {1},
  pages     = {65--70},
  volume    = {44},
  doi       = {10.1016/0032-0633(95)00107-7},
  groups    = {SPICE},
  publisher = {Elsevier {BV}},
}

@Article{Acton2018,
  author    = {Charles Acton and Nathaniel Bachman and Boris Semenov and Edward Wright},
  journal   = {Planetary and Space Science},
  title     = {A look towards the future in the handling of space science mission geometry},
  year      = {2018},
  month     = {jan},
  pages     = {9--12},
  volume    = {150},
  doi       = {10.1016/j.pss.2017.02.013},
  groups    = {SPICE},
  publisher = {Elsevier {BV}},
}

@Article{Loeb2019,
  author    = {Andrew Loeb and Christopher Earls},
  journal   = {Journal of Parallel and Distributed Computing},
  title     = {Analysis of heterogeneous computing approaches to simulating heat transfer in heterogeneous material},
  year      = {2019},
  month     = {nov},
  pages     = {1--17},
  volume    = {133},
  doi       = {10.1016/j.jpdc.2019.06.004},
  groups    = {PaperHeat},
  publisher = {Elsevier {BV}},
}

@Article{Jaeger1950,
  author    = {J. C. Jaeger},
  journal   = {Quarterly of Applied Mathematics},
  title     = {Conduction of heat in composite slabs},
  year      = {1950},
  number    = {2},
  pages     = {187--198},
  volume    = {8},
  doi       = {10.1090/qam/36417},
  groups    = {PaperHeat},
  publisher = {American Mathematical Society ({AMS})},
}

@Article{Roubicek1990,
  author    = {Tom{\'{a}}{\v{s}} Roub{\'{\i}}{\v{c}}ek},
  journal   = {Numerical Functional Analysis and Optimization},
  title     = {Numerical solution of the nonlinear heat equationin heterogeneous media},
  year      = {1990},
  month     = {jan},
  number    = {7-8},
  pages     = {793--810},
  volume    = {11},
  doi       = {10.1080/01630569008816402},
  groups    = {PaperHeat},
  publisher = {Informa {UK} Limited},
}

@Article{Lage1996,
  author    = {P. L. C. Lage},
  journal   = {Numerical Heat Transfer, Part B: Fundamentals},
  title     = {Application of the optimized modified strong implicit procedure to nonlinear problems},
  year      = {1996},
  month     = {dec},
  number    = {4},
  pages     = {423--435},
  volume    = {30},
  doi       = {10.1080/10407799608915091},
  groups    = {PaperHeat},
  publisher = {Informa {UK} Limited},
}

@Article{Fang2009,
  author    = {Jiannong Fang and Gao-Feng Zhao and Jian Zhao and Aur{\`{e}}le Parriaux},
  journal   = {Numerical Heat Transfer, Part B: Fundamentals},
  title     = {On the Truly Meshless Solution of Heat Conduction Problems in Heterogeneous Media},
  year      = {2009},
  month     = {jan},
  number    = {1},
  pages     = {1--13},
  volume    = {55},
  doi       = {10.1080/10407790802605067},
  groups    = {PaperHeat},
  publisher = {Informa {UK} Limited},
}

@Book{Press1992,
  author    = {Press, William H. and Teukolsky, Saul A. and Vetterling, William T. and Flannery, Brian P.},
  publisher = {Cambridge University Press},
  title     = {Numerical Recipes in C (2nd Ed.): The Art of Scientific Computing},
  year      = {1992},
  address   = {USA},
  isbn      = {0521431085},
  groups    = {PaperHeat},
}

@Article{Fudym2002,
  author    = {Olivier Fudym and Bruno Ladevie and Jean-Christophe Batsale},
  journal   = {Numerical Heat Transfer, Part B: Fundamentals},
  title     = {A Seminumerical Approach for Heat Diffusion in Heterogeneous Media: One Extension of the Analytical Quadrupole Method},
  year      = {2002},
  month     = {oct},
  number    = {4},
  pages     = {325--348},
  volume    = {42},
  doi       = {10.1080/10407790190053978},
  groups    = {PaperHeat},
  publisher = {Informa {UK} Limited},
}

@Article{Rozitis2011,
  author    = {B. Rozitis and S. F. Green},
  journal   = {Monthly Notices of the Royal Astronomical Society},
  title     = {Directional characteristics of thermal-infrared beaming from atmosphereless planetary surfaces - a new thermophysical model},
  year      = {2011},
  month     = {jul},
  number    = {3},
  pages     = {2042--2062},
  volume    = {415},
  doi       = {10.1111/j.1365-2966.2011.18718.x},
  groups    = {PaperHeat},
  publisher = {Oxford University Press ({OUP})},
}

@Article{Wesselink1948,
  author  = {Wesselink, A.~J.},
  journal = {Bulletin of the Astronomical Institutes of the Netherlands},
  title   = {{Heat conductivity and nature of the lunar surface material}},
  year    = {1948},
  month   = apr,
  pages   = {351-363},
  volume  = {10},
  adsnote = {Provided by the SAO/NASA Astrophysics Data System},
  adsurl  = {https://ui.adsabs.harvard.edu/abs/1948BAN....10..351W},
  groups  = {PaperHeat},
}

@Book{Hobbs2010,
  author    = {Hobbs, Peter Victor},
  publisher = {Oxford University Press},
  title     = {Ice physics},
  year      = {2010},
  isbn      = {9780199587711},
  groups    = {Metamorphism},
  pages     = {837},
}

@Article{Masson2020,
  author    = {Roland Masson and Laurent Jeannin and Floriane Louvet and Aden Vuddamalay},
  journal   = {Computational Geosciences},
  title     = {Domain decomposition methods to model heat exchanges between a well and a rock mass},
  year      = {2020},
  month     = {mar},
  number    = {3},
  pages     = {1377--1392},
  volume    = {24},
  doi       = {10.1007/s10596-020-09957-2},
  groups    = {PaperHeat},
  publisher = {Springer Science and Business Media {LLC}},
}

@Article{Nissen2017,
  author    = {Anna Nissen and Eirik Keilegavlen and Tor Harald Sandve and Inga Berre and Jan Martin Nordbotten},
  journal   = {Computational Geosciences},
  title     = {Heterogeneity preserving upscaling for heat transport in fractured geothermal reservoirs},
  year      = {2017},
  month     = {dec},
  number    = {2},
  pages     = {451--467},
  volume    = {22},
  doi       = {10.1007/s10596-017-9704-6},
  groups    = {PaperHeat},
  publisher = {Springer Science and Business Media {LLC}},
}

@Comment{jabref-meta: databaseType:bibtex;}

@Comment{jabref-meta: grouping:
0 AllEntriesGroup:;
1 StaticGroup:Cristallisation\;0\;1\;0xffff00ff\;\;\;;
1 StaticGroup:Heat\;0\;0\;0xff0000ff\;\;\;;
1 StaticGroup:Ices\;0\;0\;0x0000ffff\;\;\;;
1 StaticGroup:Mars\;0\;0\;0x8a8a8aff\;\;\;;
1 StaticGroup:Metamorphism\;0\;0\;0x00ffffff\;\;\;;
1 StaticGroup:PaperHeat\;0\;1\;0x8a8a8aff\;\;\;;
1 StaticGroup:SPICE\;0\;0\;0x8a8a8aff\;\;\;;
}
